<record><leader>00000cas a2200000 a 4500</leader><controlfield tag="001">10488783</controlfield><controlfield tag="008">840306u1977uuuuvi mr ne      0   a0eng c</controlfield><datafield ind1=" " ind2=" " tag="010"><subfield code="a">sn 84037541 </subfield></datafield><datafield ind1=" " ind2=" " tag="040"><subfield code="a">NVI</subfield><subfield code="b">eng</subfield><subfield code="c">NPV</subfield><subfield code="d">DLC</subfield><subfield code="d">NSD</subfield><subfield code="d">IXA</subfield><subfield code="d">OCLCQ</subfield><subfield code="d">OCLCF</subfield><subfield code="d">OCLCO</subfield><subfield code="d">OCLCA</subfield></datafield><datafield ind1=" " ind2=" " tag="012"><subfield code="m">1</subfield></datafield><datafield ind1=" " ind2=" " tag="019"><subfield code="a">926114318</subfield><subfield code="a">990757633</subfield></datafield><datafield ind1="1" ind2=" " tag="022"><subfield code="a">0895-0970</subfield><subfield code="l">0895-0970</subfield><subfield code="2">1</subfield></datafield><datafield ind1="1" ind2=" " tag="029"><subfield code="a">AU@</subfield><subfield code="b">000025733860</subfield></datafield><datafield ind1="1" ind2=" " tag="029"><subfield code="a">AU@</subfield><subfield code="b">000053273373</subfield></datafield><datafield ind1=" " ind2=" " tag="032"><subfield code="a">001135</subfield><subfield code="b">USPS</subfield></datafield><datafield ind1=" " ind2=" " tag="037"><subfield code="b">Tradewinds, P.O. Box 500, Cruz Bay, USVI 00830</subfield></datafield><datafield ind1=" " ind2=" " tag="042"><subfield code="a">pcc</subfield><subfield code="a">nsdp</subfield></datafield><datafield ind1=" " ind2=" " tag="043"><subfield code="a">nwvi---</subfield></datafield><datafield ind1="0" ind2=" " tag="130"><subfield code="a">Tradewinds (Saint John, V.I.)</subfield></datafield><datafield ind1=" " ind2="0" tag="222"><subfield code="a">Tradewinds</subfield><subfield code="b">(Saint John, V.I.)</subfield></datafield><datafield ind1="1" ind2="0" tag="245"><subfield code="a">Tradewinds.</subfield></datafield><datafield ind1="3" ind2=" " tag="246"><subfield code="a">Trade winds</subfield></datafield><datafield ind1="3" ind2="0" tag="246"><subfield code="a">Saint John's tradewinds newspaper</subfield></datafield><datafield ind1="1" ind2="3" tag="246"><subfield code="a">St. John's tradewinds newspaper</subfield></datafield><datafield ind1="1" ind2="3" tag="246"><subfield code="a">Tradewinds newspaper</subfield></datafield><datafield ind1=" " ind2=" " tag="260"><subfield code="a">St. John, V.I. :</subfield><subfield code="b">Trade Wind Charters,</subfield><subfield code="c">1977-</subfield></datafield><datafield ind1=" " ind2=" " tag="300"><subfield code="a">volumes :</subfield><subfield code="b">illustrations ;</subfield><subfield code="c">29 cm</subfield></datafield><datafield ind1=" " ind2=" " tag="310"><subfield code="a">Monthly</subfield></datafield><datafield ind1=" " ind2=" " tag="336"><subfield code="a">text</subfield><subfield code="b">txt</subfield><subfield code="2">rdacontent</subfield></datafield><datafield ind1=" " ind2=" " tag="337"><subfield code="a">unmediated</subfield><subfield code="b">n</subfield><subfield code="2">rdamedia</subfield></datafield><datafield ind1=" " ind2=" " tag="338"><subfield code="a">volume</subfield><subfield code="b">nc</subfield><subfield code="2">rdacarrier</subfield></datafield><datafield ind1="0" ind2=" " tag="362"><subfield code="a">Vol. 1, no. 1 (Feb. 1977)-</subfield></datafield><datafield ind1=" " ind2=" " tag="500"><subfield code="a">Editor: Forrest Fisher, 1977-79; June Bell Barlas, 1979-86; Robert L. Norton, &lt;Oct. 1986-&gt;</subfield></datafield><datafield ind1=" " ind2=" " tag="588"><subfield code="a">Latest issue consulted: Oct. 1986.</subfield></datafield><datafield ind1=" " ind2="0" tag="651"><subfield code="a">United States Virgin Islands</subfield><subfield code="v">Newspapers.</subfield></datafield><datafield ind1=" " ind2="0" tag="651"><subfield code="a">Saint John (United States Virgin Islands)</subfield><subfield code="v">Newspapers.</subfield></datafield><datafield ind1=" " ind2="7" tag="655"><subfield code="a">Newspapers.</subfield><subfield code="2">fast</subfield><subfield code="0">(OCoLC)fst01423814</subfield></datafield><datafield ind1=" " ind2="7" tag="651"><subfield code="a">United States Virgin Islands.</subfield><subfield code="2">fast</subfield><subfield code="0">(OCoLC)fst01861754</subfield></datafield><datafield ind1=" " ind2="7" tag="651"><subfield code="a">United States Virgin Islands</subfield><subfield code="z">Saint John.</subfield><subfield code="2">fast</subfield><subfield code="0">(OCoLC)fst01861792</subfield></datafield><datafield ind1=" " ind2=" " tag="752"><subfield code="a">United States</subfield><subfield code="b">Virgin Islands</subfield><subfield code="c">Saint John</subfield><subfield code="d">Cruz Bay.</subfield></datafield><datafield ind1="0" ind2="0" tag="780"><subfield code="t">St. John drum</subfield><subfield code="w">(DLC)sn 84037537</subfield><subfield code="w">(OCoLC)10486780</subfield></datafield></record>